<record><leader>00000cas a22000007a 4500</leader><controlfield tag="001">21585610</controlfield><controlfield tag="008">900524d1uuu1913mouwr ne      0    0eng d</controlfield><datafield ind1=" " ind2=" " tag="010"><subfield code="a">sn 90061776 </subfield></datafield><datafield ind1=" " ind2=" " tag="040"><subfield code="a">MQN</subfield><subfield code="b">eng</subfield><subfield code="c">MQN</subfield><subfield code="d">OCLCQ</subfield></datafield><datafield ind1=" " ind2=" " tag="042"><subfield code="a">msc</subfield></datafield><datafield ind1="0" ind2=" " tag="130"><subfield code="a">Fulton journal (Fulton, Mo. : 1901)</subfield></datafield><datafield ind1="1" ind2="4" tag="245"><subfield code="a">The Fulton journal.</subfield></datafield><datafield ind1=" " ind2=" " tag="260"><subfield code="a">Fulton, Callaway County, Mo. :</subfield><subfield code="b">W.W. Arnold</subfield></datafield><datafield ind1=" " ind2=" " tag="300"><subfield code="a">v.</subfield></datafield><datafield ind1=" " ind2=" " tag="310"><subfield code="a">Weekly</subfield></datafield><datafield ind1="1" ind2=" " tag="362"><subfield code="a">Ceased in Jan. 1913.</subfield></datafield><datafield ind1=" " ind2=" " tag="588"><subfield code="a">Description based on: 11th year, no. 12 (July 25, 1901).</subfield></datafield><datafield ind1=" " ind2="4" tag="651"><subfield code="a">Fulton (Mo.)</subfield><subfield code="v">Newspapers.</subfield></datafield><datafield ind1=" " ind2=" " tag="752"><subfield code="a">United States</subfield><subfield code="b">Missouri</subfield><subfield code="c">Callaway</subfield><subfield code="d">Fulton.</subfield></datafield><datafield ind1="0" ind2="0" tag="780"><subfield code="t">Fulton weekly journal (Fulton, Mo.)</subfield><subfield code="w">(DLC)sn 90061811</subfield></datafield><datafield ind1="0" ind2="0" tag="785"><subfield code="t">Callaway County journal</subfield><subfield code="w">(DLC)sn 90061777</subfield></datafield><datafield ind1="1" ind2=" " tag="029"><subfield code="a">AU@</subfield><subfield code="b">000025855494</subfield></datafield></record>